

@misc{JavaApiDoc,
  title = {Java API Documentation},
  howpublished = {\url{https://docs.oracle.com/javase/8/docs/api/}},
  year = {2019}, 
  note = "[Online; megtekintve 2019.01.10.]"
}

@misc{fraktal,
	title = "Mi az a fraktál? - {F}raktálok",
	howpublished = {\url{http://users.atw.hu/fraktalokgimsz/page.php?5}}
}

@misc{fraktal-wiki,
	title = "Wikipédia: Fraktál (magyar nyelvű)",
	howpublished = {\url{https://hu.wikipedia.org/wiki/Frakt%C3%A1l}}
}

@misc{alkalmazas,
	title = "Fraktálok alkalmazása - {F}raktálok",
	howpublished = {\url{http://users.atw.hu/fraktalokgimsz/page.php?12}}
}

@misc{p5,
	title = "Reference | p5.js",
	howpublished = {\url{https://p5js.org/reference/}}
}

@misc{angular,
	title = "Angular - {I}ntroduction to the {A}ngular {D}ocs",
	howpublished = {\url{https://angular.io/docs}}
}

@misc{hausdorff,
	title = "Wikipédia: Hausdorff-dimenzió (magyar nyelvű)",
	howpublished = {\url{https://hu.wikipedia.org/wiki/Hausdorff-dimenzi%C3%B3}}
}

@misc{sierp-triangle,
	title = "Sierpinski háromszög - {F}raktálok",
	howpublished = {\url{http://users.atw.hu/fraktalokgimsz/page.php?9}}
}

@misc{sierp-triangle-wiki,
	title = "Wikipédia: Sierpiński-háromszög (magyar nyelvű)",
	howpublished = {\url{https://hu.wikipedia.org/wiki/Sierpi%C5%84ski-h%C3%A1romsz%C3%B6g}}
}

@misc{sierp-carpet-wiki,
	title = "Wikipédia: Sierpiński-szőnyeg (magyar nyelvű)",
	howpublished = {\url{https://hu.wikipedia.org/wiki/Sierpi%C5%84ski-sz%C5%91nyeg}}
}

@misc{koch-gorbe-wiki,
	title = "Wikipédia: Koch-görbe (magyar nyelvű)",
	howpublished = {\url{https://hu.wikipedia.org/wiki/Koch-g%C3%B6rbe}}
}

@misc{levy-c-wiki,
	title = "Wikipédia: Lévy C curve (angol nyelvű)",
	howpublished = {\url{https://en.wikipedia.org/wiki/L%C3%A9vy_C_curve}}
}

@misc{hilbert-wiki,
	title = "Wikipédia: Hilbert curve (angol nyelvű)",
	howpublished = {\url{https://en.wikipedia.org/wiki/Hilbert_curve}}
}

@misc{pitagorasz-fa,
	title = "Wikipédia: Pythagoras tree (fractal)",
	howpublished = {\url{https://en.wikipedia.org/wiki/Pythagoras_tree_(fractal)}}
}

